@misc{RaghavODBeginnersGuide2024,
  author = {Raghav Bali},
  howpublished = {\url{https://towardsdatascience.com/object-detection-basics-a-comprehensive-beginners-guide-part-1-f57380c89b78/}},
  title = {Object Detection Basics - A Comprehensive Beginner's Guide (Part 1)},
  year = {2024}
}


@misc{HollwmansOneStageObjectDetection2018,
  author = {Matthijs Hollwmans},
  howpublished = {\url{https://machinethink.net/blog/object-detection/}},
  title = {One-stage object detection},
  year = {2018}
}

@misc{SerdarildercaglarObjectDetectionModelTraining2024,
  author = {Serdarildercaglar},
  howpublished = {\url{https://medium.com/@serdarildercaglar/object-detection-model-training-a-comprehensive-guide-for-beginners-d5a1274e7ac7}},
  title = {Object Detection Model Training: A Comprehensive Guide for Beginners},
  year = {2024}
}